https://www.vrs.org.uk/
https://www.vrfocus.com/2016/07/what-steams-data-reveals-about-the-health-of-vrs-ecosystem/

@misc{ vestibular,
	author = "the Vestibular Disorders Association, with contributions by Mary Ann Watson, MA, and F. Owen Black, MD, FACS, and Matthew Crowson, MD",
	title = "The Human Balance System",
	url = "\url{http://vestibular.org/understanding-vestibular-disorder/human-balance-system}"
}

@misc{ VRApplications,
	title = "Applications Of Virtual Reality",
	url = "\url{https://www.vrs.org.uk/virtual-reality-applications/}",
}


@inproceedings{VRbook, 
	author = "Steve M. LaValle", 
	title={Virtual Reality},
	booktitle =	"Virtual Reality", 
	year =	2017, 

}


